@inproceedings{ klee_paper,
 author = {Cadar, Cristian and Dunbar, Daniel and Engler, Dawson},
 title = {KLEE: unassisted and automatic generation of high-coverage tests for complex systems programs},
 booktitle = {Proceedings of the 8th USENIX conference on Operating systems design and implementation},
 series = {OSDI'08},
 year = {2008},
 location = {San Diego, California},
 pages = {209--224},
 numpages = {16},
 url = {http://dl.acm.org/citation.cfm?id=1855741.1855756},
 acmid = {1855756},
 publisher = {USENIX Association},
 address = {Berkeley, CA, USA},
} 

@phdthesis { irulan,
school		= {Imperial College London},
title		= {{Finding the Lazy Programmer's Bugs}},
author		= {Allwood, Tristan},
month		= {January},
year		= {2011},
url		= {http://pubs.doc.ic.ac.uk/tristan-allwood-thesis/}}

@article{tjwaf,
 author = {Allwood, Tristan O. R. and Eisenbach, Susan},
 title = {Tickling Java with a Feather},
 journal = {Electron. Notes Theor. Comput. Sci.},
 volume = {238},
 issue = {5},
 month = {October},
 year = {2009},
 issn = {1571-0661},
 pages = {3--16},
 numpages = {14},
 url = {http://dl.acm.org/citation.cfm?id=1628315.1628375},
 doi = {10.1016/j.entcs.2009.09.037},
 acmid = {1628375},
 publisher = {Elsevier Science Publishers B. V.},
 address = {Amsterdam, The Netherlands, The Netherlands},
 keywords = {Featherweight Java, Oracles, Semantics, Tests},
} 

@inproceedings{randoop,
   author = {Carlos Pacheco and Shuvendu K. Lahiri and Michael D. Ernst
	and Thomas Ball},
   title = {Feedback-directed random test generation},
   booktitle = {ICSE'07, Proceedings of the 29th International Conference
	on Software Engineering},
   pages = {75--84},
   address = {Minneapolis, MN, USA},
   month = {May~23--25,},
   year = {2007}
}

@inproceedings{ruteg,
  author    = {Stefan Mairhofer and
               Robert Feldt and
               Richard Torkar},
  title     = {Search-based software testing and test data generation for
               a dynamic programming language},
  booktitle = {GECCO},
  year      = {2011},
  pages     = {1859-1866},
  ee        = {http://doi.acm.org/10.1145/2001576.2001826},
  crossref  = {DBLP:conf/gecco/2011},
  bibsource = {DBLP, http://dblp.uni-trier.de}
}
@proceedings{DBLP:conf/gecco/2011,
  editor    = {Natalio Krasnogor and
               Pier Luca Lanzi},
  title     = {13th Annual Genetic and Evolutionary Computation Conference,
               GECCO 2011, Proceedings, Dublin, Ireland, July 12-16, 2011},
  booktitle = {GECCO},
  publisher = {ACM},
  year      = {2011},
  isbn      = {978-1-4503-0557-0},
  bibsource = {DBLP, http://dblp.uni-trier.de}
}
